%% This BibTeX bibliography file was created using BibDesk.
%% http://bibdesk.sourceforge.net/


%% Created for Rachel at 2015-04-18 21:18:17 +0800


%% Saved with string encoding Unicode (UTF-8)



@article{gmdh_I,
     Date-Added = {2015-04-18 13:16:57 +0000},
     Date-Modified = {2015-04-18 13:17:12 +0000}}

@article{fukushima1979neural,
     Author = {Fukushima, Kunihiko},
     Date-Added = {2015-04-18 12:50:36 +0000},
     Date-Modified = {2015-04-18 12:50:36 +0000},
     Journal = {ELECTRON. \&amp; COMMUN. JAPAN},
     Number = {10},
     Pages = {11--18},
     Title = {Neural Network Model for a Mechanism of Pattern Recognition Unaffected by Shift in Position- Neocognitron},
     Volume = {62},
     Year = {1979}}

@article{kondo2008multi,
     Author = {Kondo, Tadashi and Ueno, Junji},
     Date-Added = {2015-04-18 12:49:03 +0000},
     Date-Modified = {2015-04-18 12:49:03 +0000},
     Journal = {International Journal of innovative computing, information and control},
     Number = {1},
     Pages = {175--187},
     Title = {Multi-layered GMDH-type neural network self-selecting optimum neural network architecture and its application to 3-dimensional medical image recognition of blood vessels},
     Volume = {4},
     Year = {2008}}

@article{witczak2006gmdh,
     Author = {Witczak, Marcin and Korbicz, J{\'o}zef and Mrugalski, Marcin and Patton, Ron J},
     Date-Added = {2015-04-18 12:47:27 +0000},
     Date-Modified = {2015-04-18 12:47:27 +0000},
     Journal = {Control Engineering Practice},
     Number = {6},
     Pages = {671--683},
     Publisher = {Elsevier},
     Title = {A GMDH neural network-based approach to robust fault diagnosis: Application to the DAMADICS benchmark problem},
     Volume = {14},
     Year = {2006}}

@article{kordik2003modified,
     Author = {Kord{\'\i}k, Pavel and N{\'a}plava, Pavel and Snorek, Miroslav and Genyk-Berezovskyj, Marko},
     Date-Added = {2015-04-18 12:46:38 +0000},
     Date-Modified = {2015-04-18 12:46:38 +0000},
     Journal = {Control Systems and Computers},
     Pages = {68--75},
     Title = {Modified GMDH method and models quality evaluation by visualization},
     Volume = {2},
     Year = {2003}}

@book{madala1994inductive,
     Author = {Madala, Hema Rao and Ivakhnenko, Alexy G},
     Date-Added = {2015-04-18 12:44:02 +0000},
     Date-Modified = {2015-04-18 12:44:02 +0000},
     Publisher = {cRc press Boca Raton},
     Title = {Inductive learning algorithms for complex systems modeling},
     Year = {1994}}

@book{farlow1984self,
     Author = {Farlow, Stanley J},
     Date-Added = {2015-04-18 12:42:50 +0000},
     Date-Modified = {2015-04-18 12:42:50 +0000},
     Publisher = {CrC Press},
     Title = {Self-organizing methods in modeling: GMDH type algorithms},
     Volume = {54},
     Year = {1984}}

@article{ikeda1976sequential,
     Author = {Ikeda, Saburo and Ochiai, Mikiko and Sawaragi, Yoshikazu},
     Date-Added = {2015-04-18 12:40:19 +0000},
     Date-Modified = {2015-04-18 12:40:19 +0000},
     Journal = {Systems, Man and Cybernetics, IEEE Transactions on},
     Number = {7},
     Pages = {473--479},
     Publisher = {IEEE},
     Title = {Sequential GMDH algorithm and its application to river flow prediction},
     Year = {1976}}

@article{abdel2014convolutional,
     Author = {Abdel-Hamid, Ossama and Mohamed, Abdel-Rahman and Jiang, Hui and Deng, Li and Penn, Gerald and Yu, Dong},
     Journal = {IEEE/ACM Transactions on Audio, Speech and Language Processing (TASLP)},
     Number = {10},
     Pages = {1533--1545},
     Publisher = {IEEE Press},
     Title = {Convolutional neural networks for speech recognition},
     Volume = {22},
     Year = {2014}}

@article{lecun1995convolutional,
     Author = {LeCun, Yann and Bengio, Yoshua},
     Journal = {The handbook of brain theory and neural networks},
     Pages = {310},
     Publisher = {Cambridge, MA: MIT Press},
     Title = {Convolutional networks for images, speech, and time series},
     Volume = {3361},
     Year = {1995}}

@inproceedings{ciresan2011convolutional,
     Author = {Ciresan, Dan Claudiu and Meier, Ueli and Gambardella, Luca Maria and Schmidhuber, J{\"u}rgen},
     Booktitle = {Document Analysis and Recognition (ICDAR), 2011 International Conference on},
     Organization = {IEEE},
     Pages = {1135--1139},
     Title = {Convolutional neural network committees for handwritten character classification},
     Year = {2011}}

@inproceedings{lecun1994word,
     Author = {LeCun, Yann and Bengio, Yoshua},
     Booktitle = {International Conference on Pattern Recognition},
     Organization = {Citeseer},
     Pages = {88--88},
     Title = {Word-level training of a handwritten word recognizer based on convolutional neural networks},
     Year = {1994}}

@article{lauer2007trainable,
     Author = {Lauer, Fabien and Suen, Ching Y and Bloch, G{\'e}rard},
     Journal = {Pattern Recognition},
     Number = {6},
     Pages = {1816--1824},
     Publisher = {Elsevier},
     Title = {A trainable feature extractor for handwritten digit recognition},
     Volume = {40},
     Year = {2007}}

@article{baldi1996hybrid,
     Author = {Baldi, Pierre and Chauvin, Yves},
     Journal = {Neural Computation},
     Number = {7},
     Pages = {1541--1565},
     Publisher = {MIT Press},
     Title = {Hybrid modeling, HMM/NN architectures, and protein applications},
     Volume = {8},
     Year = {1996}}

@article{zhu2014stock,
     Author = {Zhu, Chengzhang and Yin, Jianping and Li, Qian},
     Journal = {Journal of Computational Information Systems},
     Number = {2},
     Pages = {883--893},
     Title = {A stock decision support system based on DBNs},
     Volume = {10},
     Year = {2014}}

@article{hochreiter2007fast,
     Author = {Hochreiter, Sepp and Heusel, Martin and Obermayer, Klaus},
     Journal = {Bioinformatics},
     Number = {14},
     Pages = {1728--1736},
     Publisher = {Oxford Univ Press},
     Title = {Fast model-based protein homology detection without alignment},
     Volume = {23},
     Year = {2007}}

@article{eck2002first,
     Author = {Eck, Douglas and Schmidhuber, Juergen},
     Journal = {IstitutoDalleMolle Di StudiSullIntelligenzaArtificiale},
     Title = {A first look at music composition using lstm recurrent neural networks},
     Year = {2002}}

@article{hochreiter1991untersuchungen,
     Author = {Hochreiter, Sepp},
     Journal = {Master's thesis, Institut fur Informatik, TechnischeUniversitat, Munchen},
     Title = {UntersuchungenzudynamischenneuronalenNetzen},
     Year = {1991}}

@article{hochreiter1997long,
     Author = {Hochreiter, Sepp and Schmidhuber, J{\"u}rgen},
     Journal = {Neural computation},
     Number = {8},
     Pages = {1735--1780},
     Publisher = {MIT Press},
     Title = {Long short-term memory},
     Volume = {9},
     Year = {1997}}

@incollection{beringer2005classifying,
     Author = {Beringer, Nicole and Graves, Alex and Schiel, Florian and Schmidhuber, J{\"u}rgen},
     Booktitle = {Artificial Neural Networks: Biological Inspirations--ICANN 2005},
     Pages = {575--581},
     Publisher = {Springer},
     Title = {Classifying unprompted speech by retraining LSTM nets},
     Year = {2005}}

@inproceedings{sak2014long,
     Author = {Sak, Hasim and Senior, Andrew and Beaufays, Fran{\c{c}}oise},
     Booktitle = {Proceedings of the Annual Conference of International Speech Communication Association (INTERSPEECH)},
     Title = {Long short-term memory recurrent neural network architectures for large scale acoustic modeling},
     Year = {2014}}

@inproceedings{graves2006connectionist,
     Author = {Graves, Alex and Fern{\'a}ndez, Santiago and Gomez, Faustino and Schmidhuber, J{\"u}rgen},
     Booktitle = {Proceedings of the 23rd international conference on Machine learning},
     Organization = {ACM},
     Pages = {369--376},
     Title = {Connectionist temporal classification: labellingunsegmented sequence data with recurrent neural networks},
     Year = {2006}}

@incollection{graves2012connectionist,
     Author = {Graves, Alex},
     Booktitle = {Supervised Sequence Labelling with Recurrent Neural Networks},
     Pages = {61--93},
     Publisher = {Springer},
     Title = {Connectionist Temporal Classification},
     Year = {2012}}

@inproceedings{sutskever2014sequence,
     Author = {Sutskever, Ilya and Vinyals, Oriol and Le, Quoc VV},
     Booktitle = {Advances in Neural Information Processing Systems},
     Pages = {3104--3112},
     Title = {Sequence to sequence learning with neural networks},
     Year = {2014}}

@article{eddy1996hidden,
     Author = {Eddy, Sean R},
     Journal = {Current opinion in structural biology},
     Number = {3},
     Pages = {361--365},
     Publisher = {Elsevier},
     Title = {Hidden markov models},
     Volume = {6},
     Year = {1996}}

@inproceedings{bluche2014a2ia,
     Author = {Bluche, Th{\'e}odore and Louradour, J{\'e}r{\^o}me and Knibbe, Maxime and Moysset, Bastien and Benzeghiba, Mohamed Faouzi and Kermorvant, Christopher},
     Booktitle = {Document Analysis Systems (DAS), 2014 11th IAPR International Workshop on},
     Organization = {IEEE},
     Pages = {161--165},
     Title = {The A2iA Arabic Handwritten Text Recognition System at the Open HaRT2013 Evaluation},
     Year = {2014}}

@article{pearlmutter1995gradient,
     Author = {Pearlmutter, Barak A},
     Journal = {Neural Networks, IEEE Transactions on},
     Number = {5},
     Pages = {1212--1228},
     Publisher = {IEEE},
     Title = {Gradient calculations for dynamic recurrent neural networks: A survey},
     Volume = {6},
     Year = {1995}}

@article{siegelmann1995computational,
     Author = {Siegelmann, Hava T and Sontag, Eduardo D},
     Journal = {Journal of computer and system sciences},
     Number = {1},
     Pages = {132--150},
     Publisher = {Elsevier},
     Title = {On the computational power of neural nets},
     Volume = {50},
     Year = {1995}}

@article{bengio1995input,
     Author = {Bengio, Yoshua and Frasconi, Paolo},
     Journal = {Advances in neural information processing systems},
     Pages = {427--434},
     Publisher = {Morgan Kaufmann Publishers},
     Title = {An input output HMM architecture},
     Year = {1995}}

@article{williams1990efficient,
     Author = {Williams, Ronald J and Peng, Jing},
     Journal = {Neural computation},
     Number = {4},
     Pages = {490--501},
     Publisher = {MIT Press},
     Title = {An efficient gradient-based algorithm for on-line training of recurrent network trajectories},
     Volume = {2},
     Year = {1990}}

@book{robinson1987utility,
     Author = {Robinson, AJ and Fallside, Frank},
     Publisher = {University of Cambridge Department of Engineering},
     Title = {The utility driven dynamic error propagation network},
     Year = {1987}}

@article{williams1989learning,
     Author = {Williams, Ronald J and Zipser, David},
     Journal = {Neural computation},
     Number = {2},
     Pages = {270--280},
     Publisher = {MIT Press},
     Title = {A learning algorithm for continually running fully recurrent neural networks},
     Volume = {1},
     Year = {1989}}

@article{schmidhuber1992fixed,
     Author = {Schmidhuber, J{\"u}rgen},
     Journal = {Neural Computation},
     Number = {2},
     Pages = {243--248},
     Publisher = {MIT Press},
     Title = {A fixed size storage O (n3) time complexity learning algorithm for fully recurrent continually running networks},
     Volume = {4},
     Year = {1992}}

@article{williams1995gradient,
     Author = {Williams, Ronald J and Zipser, David},
     Journal = {Back-propagation: Theory, architectures and applications},
     Pages = {433--486},
     Title = {Gradient-based learning algorithms for recurrent networks and their computational complexity},
     Year = {1995}}

@article{bengio1994learning,
     Author = {Bengio, Yoshua and Simard, Patrice and Frasconi, Paolo},
     Journal = {Neural Networks, IEEE Transactions on},
     Number = {2},
     Pages = {157--166},
     Publisher = {IEEE},
     Title = {Learning long-term dependencies with gradient descent is difficult},
     Volume = {5},
     Year = {1994}}

@article{gers2000learning,
     Author = {Gers, Felix A and Schmidhuber, J{\"u}rgen and Cummins, Fred},
     Journal = {Neural computation},
     Number = {10},
     Pages = {2451--2471},
     Publisher = {MIT Press},
     Title = {Learning to forget: Continual prediction with LSTM},
     Volume = {12},
     Year = {2000}}

@misc{hochreiter2001gradient,
     Author = {Hochreiter, Sepp and Bengio, Yoshua and Frasconi, Paolo and Schmidhuber, J{\"u}rgen},
     Publisher = {A field guide to dynamical recurrent neural networks. IEEE Press},
     Title = {Gradient flow in recurrent nets: the difficulty of learning long-term dependencies},
     Year = {2001}}

@inproceedings{bengio2013advances,
     Author = {Bengio, Yoshua and Boulanger-Lewandowski, Nicolas and Pascanu, Razvan},
     Booktitle = {Acoustics, Speech and Signal Processing (ICASSP), 2013 IEEE International Conference on},
     Organization = {IEEE},
     Pages = {8624--8628},
     Title = {Advances in optimizing recurrent networks},
     Year = {2013}}

@article{1,
     Author = {Buzs{\'a}ki, Gy{\"o}rgy and Anastassiou, Costas A and Koch, Christof},
     Journal = {Nature reviews neuroscience},
     Number = {6},
     Pages = {407--420},
     Publisher = {Nature Publishing Group},
     Title = {The origin of extracellular fields and currents---EEG, ECoG, LFP and spikes},
     Volume = {13},
     Year = {2012}}

@article{2,
     Author = {Scherberger, Hansj{\"o}rg and Jarvis, Murray R and Andersen, Richard A},
     Journal = {Neuron},
     Number = {2},
     Pages = {347--354},
     Publisher = {Elsevier},
     Title = {Cortical local field potential encodes movement intentions in the posterior parietal cortex},
     Volume = {46},
     Year = {2005}}

@article{3,
     Author = {Kraskov, Alexander and Quiroga, Rodrigo Quian and Reddy, Leila and Fried, Itzhak and Koch, Christof},
     Journal = {Journal of cognitive neuroscience},
     Number = {3},
     Pages = {479--492},
     Publisher = {MIT Press},
     Title = {Local field potentials and spikes in the human medial temporal lobe are selective to image category},
     Volume = {19},
     Year = {2007}}

@article{4,
     Author = {Gilja, Vikash and Chestek, Cindy A and Diester, Ilka and Henderson, Jaimie M and Deisseroth, Karl and Shenoy, Krishna V},
     Journal = {Biomedical Engineering, IEEE Transactions on},
     Number = {7},
     Pages = {1891--1899},
     Publisher = {IEEE},
     Title = {Challenges and opportunities for next-generation intracortically based neural prostheses},
     Volume = {58},
     Year = {2011}}

@article{5,
     Author = {Vaadia, Eilon and Birbaumer, Niels},
     Journal = {Frontiers in neuroscience},
     Number = {2},
     Pages = {151},
     Publisher = {American Medical Association},
     Title = {Grand challenges of brain computer interfaces in the years to come},
     Volume = {3},
     Year = {2009}}

@article{6,
     Author = {Hatsopoulos, Nicholas G and Donoghue, John P},
     Journal = {Annual review of neuroscience},
     Pages = {249},
     Publisher = {NIH Public Access},
     Title = {The science of neural interface systems},
     Volume = {32},
     Year = {2009}}

@article{7,
     Author = {Schwartz, Andrew B and Cui, X Tracy and Weber, Douglas J and Moran, Daniel W},
     Journal = {Neuron},
     Number = {1},
     Pages = {205--220},
     Publisher = {Elsevier},
     Title = {Brain-controlled interfaces: movement restoration with neural prosthetics},
     Volume = {52},
     Year = {2006}}

@article{8,
     Author = {Lebedev, Mikhail A and Nicolelis, Miguel AL},
     Journal = {TRENDS in Neurosciences},
     Number = {9},
     Pages = {536--546},
     Publisher = {Elsevier},
     Title = {Brain--machine interfaces: past, present and future},
     Volume = {29},
     Year = {2006}}

@article{9,
     Author = {Nicolelis, Miguel AL},
     Journal = {Nature},
     Number = {6818},
     Pages = {403--407},
     Publisher = {Nature Publishing Group},
     Title = {Actions from thoughts},
     Volume = {409},
     Year = {2001}}

@article{10,
     Author = {Donoghue, John P},
     Journal = {Neuron},
     Number = {3},
     Pages = {511--521},
     Publisher = {Elsevier},
     Title = {Bridging the brain to the world: a perspective on neural interface systems},
     Volume = {60},
     Year = {2008}}

@article{11,
     Author = {Chapin, John K and Moxon, Karen A and Markowitz, Ronald S and Nicolelis, Miguel AL},
     Journal = {Nature neuroscience},
     Number = {7},
     Pages = {664--670},
     Publisher = {Nature Publishing Group},
     Title = {Real-time control of a robot arm using simultaneously recorded neurons in the motor cortex},
     Volume = {2},
     Year = {1999}}

@article{12,
     Author = {Rousche, Patrick J and Normann, Richard A},
     Journal = {Journal of neuroscience methods},
     Number = {1},
     Pages = {1--15},
     Publisher = {Elsevier},
     Title = {Chronic recording capability of the Utah Intracortical Electrode Array in cat sensory cortex},
     Volume = {82},
     Year = {1998}}

@article{13,
     Author = {Kipke, Daryl R and Vetter, Rio J and Williams, Justin C and Hetke, Jamille F},
     Journal = {Neural Systems and Rehabilitation Engineering, IEEE Transactions on},
     Number = {2},
     Pages = {151--155},
     Publisher = {IEEE},
     Title = {Silicon-substrate intracortical microelectrode arrays for long-term recording of neuronal spike activity in cerebral cortex},
     Volume = {11},
     Year = {2003}}

@article{14,
     Author = {Zhang, QiaoSheng and Zhang, ShaoMin and Hao, YaoYao and Zhang, HuaiJian and Zhu, JunMing and Zhao, Ting and Zhang, JianMin and Wang, YiWen and Zheng, XiaoXiang and Chen, WeiDong},
     Journal = {Chinese Science Bulletin},
     Number = {16},
     Pages = {2036--2045},
     Publisher = {Springer},
     Title = {Development of an invasive brain-machine interface with a monkey model},
     Volume = {57},
     Year = {2012}}

@incollection{15,
     Author = {Chung, Chen Han and Kao, Yu-Chieh and Chen, Liang-Gee and Jaw, Fu-Shan},
     Booktitle = {Advances in Multimedia Information Processing-PCM 2008},
     Pages = {898--901},
     Publisher = {Springer},
     Title = {Intelligent content-aware model-free low power evoked neural signal compression},
     Year = {2008}}

@inproceedings{16,
     Author = {Chung, Chen Han and Chen, Liang-Gee and Kao, Yu-Chieh and Jaw, Fu-Shan},
     Booktitle = {Neural Engineering, 2009. NER'09. 4th International IEEE/EMBS Conference on},
     Organization = {IEEE},
     Pages = {697--701},
     Title = {Multichannel evoked neural signal compression using advanced video compression algorithm},
     Year = {2009}}

@inproceedings{17,
     Author = {Goh, Aik and Craciun, Stefan and Rao, Sudhir and Cheney, David and Gugel, Karl and Sanchez, Justin C and Principe, Jose C},
     Booktitle = {Engineering in Medicine and Biology Society, 2008. EMBS 2008. 30th Annual International Conference of the IEEE},
     Organization = {IEEE},
     Pages = {4439--4442},
     Title = {Wireless transmission of neuronal recordings using a portable real-time discrimination/compression algorithm},
     Year = {2008}}

@article{18,
     Author = {Logothetis, Nikos K},
     Journal = {The Journal of Neuroscience},
     Number = {10},
     Pages = {3963--3971},
     Publisher = {Soc Neuroscience},
     Title = {The underpinnings of the BOLD functional magnetic resonance imaging signal},
     Volume = {23},
     Year = {2003}}

@article{19,
     Author = {Antoniol, Giuliano and Tonella, Paolo},
     Journal = {Biomedical Engineering, IEEE Transactions on},
     Number = {2},
     Pages = {105--114},
     Publisher = {IEEE},
     Title = {EEG data compression techniques},
     Volume = {44},
     Year = {1997}}

@article{20,
     Author = {Mitzdorf, Ulla},
     Journal = {Physiological reviews},
     Number = {1},
     Pages = {37--100},
     Publisher = {Am Physiological Soc},
     Title = {Current source-density method and application in cat cerebral cortex: investigation of evoked potentials and EEG phenomena},
     Volume = {65},
     Year = {1985}}

@article{21,
     Author = {Hunt, Warren and Maher, Bertrand A and Burger, Doug and Mckinley, Kathryn S},
     Publisher = {Citeseer},
     Title = {Optimal huffman tree-height reduction for instruction-level parallelism},
     Year = {2008}}

@article{22,
     Author = {Huffman, David A and others},
     Journal = {Proceedings of the IRE},
     Number = {9},
     Pages = {1098--1101},
     Title = {A method for the construction of minimum redundancy codes},
     Volume = {40},
     Year = {1952}}

@article{23,
     Author = {Coalson, Josh},
     Journal = {Internet: http://flac. sourceforge. net},
     Title = {FLAC-Free lossless audio codec},
     Year = {2008}}

@inproceedings{24,
     Author = {Fira, Monica and Goras, Liviu},
     Booktitle = {Proceedings of the 2009 International Conference on Hybrid Information Technology},
     Organization = {ACM},
     Pages = {541--545},
     Title = {Biomedical signal compression based on basis pursuit},
     Year = {2009}}

@inproceedings{25,
     Author = {Aviyente, Selin},
     Booktitle = {Statistical Signal Processing, 2007. SSP'07. IEEE/SP 14th Workshop on},
     Organization = {IEEE},
     Pages = {181--184},
     Title = {Compressed sensing framework for EEG compression},
     Year = {2007}}

@article{26,
     Author = {Belitski, Andrei and Gretton, Arthur and Magri, Cesare and Murayama, Yusuke and Montemurro, Marcelo A and Logothetis, Nikos K and Panzeri, Stefano},
     Journal = {The Journal of Neuroscience},
     Number = {22},
     Pages = {5696--5709},
     Publisher = {Soc Neuroscience},
     Title = {Low-frequency local field potentials and spikes in primary visual cortex convey independent visual information},
     Volume = {28},
     Year = {2008}}

@article{27,
     Author = {Jacobsen, Carlyle Ferdinand},
     Journal = {Archives of Neurology \& Psychiatry},
     Number = {3},
     Pages = {558--569},
     Publisher = {American Medical Association},
     Title = {Functions of frontal association area in primates},
     Volume = {33},
     Year = {1935}}

@article{28,
     Author = {Weber, Birgitta and Malina, Thomas and Menne, K and Metzler, Volker and Folkers, Andre and Hofmann, Ulrich G},
     Journal = {Neurocomputing},
     Pages = {1725--1734},
     Publisher = {Elsevier},
     Title = {Handling large files of multisite microelectrode recordings for the European VSAMUEL consortium},
     Volume = {38},
     Year = {2001}}

@article{29,
     Author = {Murata, Yoshimichi and Iwasaki, Hirohide and Sasaki, Mari and Inaba, Kazuo and Okamura, Yasushi},
     Journal = {Nature},
     Number = {7046},
     Pages = {1239--1243},
     Publisher = {Nature Publishing Group},
     Title = {Phosphoinositide phosphatase activity coupled to an intrinsic voltage sensor},
     Volume = {435},
     Year = {2005}}

@article{31,
     Author = {Averbeck, Bruno B and Latham, Peter E and Pouget, Alexandre},
     Journal = {Nature Reviews Neuroscience},
     Number = {5},
     Pages = {358--366},
     Publisher = {Nature Publishing Group},
     Title = {Neural correlations, population coding and computation},
     Volume = {7},
     Year = {2006}}

@article{32,
     Author = {Hsu, Anne and Borst, Alexander and Theunissen, Fr{\'e}d{\'e}ric E},
     Journal = {Network: Computation in Neural Systems},
     Number = {2},
     Pages = {91--109},
     Publisher = {Informa UK Ltd UK},
     Title = {Quantifying variability in neural responses and its application for the validation of model predictions},
     Volume = {15},
     Year = {2004}}

@article{33,
     Author = {Prentice, Jason S and Homann, Jan and Simmons, Kristina D and Tka{\v{c}}ik, Ga{\v{s}}per and Balasubramanian, Vijay and Nelson, Philip C},
     Journal = {PloS one},
     Number = {7},
     Pages = {e19884},
     Publisher = {Public Library of Science},
     Title = {Fast, scalable, bayesian spike identification for multi-electrode arrays},
     Volume = {6},
     Year = {2011}}

@article{34,
     Author = {Quiroga, Rodrigo and Nadasdy, Zoltan and Ben-Shaul, Yoram},
     Journal = {Neural computation},
     Number = {8},
     Pages = {1661--1687},
     Publisher = {MIT Press},
     Title = {Unsupervised spike detection and sorting with wavelets and superparamagnetic clustering},
     Volume = {16},
     Year = {2004}}

@article{35,
     Author = {Obeid, Iyad and Wolf, Patrick D},
     Journal = {Biomedical Engineering, IEEE Transactions on},
     Number = {6},
     Pages = {905--911},
     Publisher = {IEEE},
     Title = {Evaluation of spike-detection algorithms fora brain-machine interface application},
     Volume = {51},
     Year = {2004}}

@article{firingrate1,
     Author = {Tom{\'a}s, Pedro and Sousa, Leonel},
     Journal = {Neurocomputing},
     Number = {16},
     Pages = {2944--2954},
     Publisher = {Elsevier},
     Title = {A quantitative analysis of firing rate estimators: Unveiling bias sources},
     Volume = {73},
     Year = {2010}}

@article{firingrate2,
     Author = {De La Rocha, Jaime and Doiron, Brent and Shea-Brown, Eric and Josi{\'c}, Kre{\v{s}}imir and Reyes, Alex},
     Journal = {Nature},
     Number = {7155},
     Pages = {802--806},
     Publisher = {Nature Publishing Group},
     Title = {Correlation between neural spike trains increases with firing rate},
     Volume = {448},
     Year = {2007}}

@article{rosenblatt1960perceptron,
     Author = {Rosenblatt, Frank},
     Journal = {Proceedings of the IRE},
     Number = {3},
     Pages = {301--309},
     Publisher = {IEEE},
     Title = {Perceptron simulation experiments},
     Volume = {48},
     Year = {1960}}

@techreport{rosenblatt1961principles,
     Author = {Rosenblatt, Frank},
     Institution = {DTIC Document},
     Title = {Principles of neurodynamics. perceptrons and the theory of brain mechanisms},
     Year = {1961}}

@article{zeiler2013stochastic,
     Author = {Zeiler, Matthew D and Fergus, Rob},
     Journal = {arXiv preprint arXiv:1301.3557},
     Title = {Stochastic pooling for regularization of deep convolutional neural networks},
     Year = {2013}}

@article{jeong2004image,
     Author = {Jeong, Sangoh and Won, Chee Sun and Gray, Robert M},
     Journal = {Computer Vision and Image Understanding},
     Number = {1},
     Pages = {44--66},
     Publisher = {Elsevier},
     Title = {Image retrieval using color histograms generated by Gauss mixture vector quantization},
     Volume = {94},
     Year = {2004}}

@inproceedings{gray2001gauss,
     Author = {Gray, Robert M},
     Booktitle = {Acoustics, Speech, and Signal Processing, 2001. Proceedings.(ICASSP'01). 2001 IEEE International Conference on},
     Organization = {IEEE},
     Pages = {1769--1772},
     Title = {Gauss mixture vector quantization},
     Volume = {3},
     Year = {2001}}

@article{gauvain1992bayesian,
     Author = {Gauvain, Jean-Luc and Lee, Chin-Hui},
     Journal = {Speech Communication},
     Number = {2},
     Pages = {205--213},
     Publisher = {Elsevier},
     Title = {Bayesian learning for hidden Markov model with Gaussian mixture state observation densities},
     Volume = {11},
     Year = {1992}}

@article{reynolds2000speaker,
     Author = {Reynolds, Douglas A and Quatieri, Thomas F and Dunn, Robert B},
     Journal = {Digital signal processing},
     Number = {1},
     Pages = {19--41},
     Publisher = {Elsevier},
     Title = {Speaker verification using adapted Gaussian mixture models},
     Volume = {10},
     Year = {2000}}

@article{reynolds1995robust,
     Author = {Reynolds, Douglas A and Rose, Richard C},
     Journal = {Speech and Audio Processing, IEEE Transactions on},
     Number = {1},
     Pages = {72--83},
     Publisher = {IEEE},
     Title = {Robust text-independent speaker identification using Gaussian mixture speaker models},
     Volume = {3},
     Year = {1995}}

@inproceedings{zivkovic2004improved,
     Author = {Zivkovic, Zoran},
     Booktitle = {Pattern Recognition, 2004. ICPR 2004. Proceedings of the 17th International Conference on},
     Organization = {IEEE},
     Pages = {28--31},
     Title = {Improved adaptive Gaussian mixture model for background subtraction},
     Volume = {2},
     Year = {2004}}

@article{lee2005effective,
     Author = {Lee, D-S},
     Journal = {Pattern Analysis and Machine Intelligence, IEEE Transactions on},
     Number = {5},
     Pages = {827--832},
     Publisher = {IEEE},
     Title = {Effective Gaussian mixture learning for video background subtraction},
     Volume = {27},
     Year = {2005}}

@inproceedings{yang1999gaussian,
     Author = {Yang, Ming-Hsuan and Ahuja, Narendra},
     Booktitle = {Proc. SPIE: Storage and Retrieval for Image and Video Databases VII},
     Pages = {458--466},
     Title = {Gaussian mixture model for human skin color and its application in image and video databases},
     Volume = {3656},
     Year = {1999}}

@book{liu2007computational,
     Author = {Liu, Huan and Motoda, Hiroshi},
     Publisher = {CRC Press},
     Title = {Computational methods of feature selection},
     Year = {2007}}

@inproceedings{netzer2011reading,
     Author = {Netzer, Yuval and Wang, Tao and Coates, Adam and Bissacco, Alessandro and Wu, Bo and Ng, Andrew Y},
     Booktitle = {NIPS workshop on deep learning and unsupervised feature learning},
     Number = {2},
     Organization = {Granada, Spain},
     Pages = {5},
     Title = {Reading digits in natural images with unsupervised feature learning},
     Volume = {2011},
     Year = {2011}}

@inproceedings{coates2011text,
     Author = {Coates, Adam and Carpenter, Blake and Case, Carl and Satheesh, Sanjeev and Suresh, Bipin and Wang, Tao and Wu, David J and Ng, Andrew Y},
     Booktitle = {Document Analysis and Recognition (ICDAR), 2011 International Conference on},
     Organization = {IEEE},
     Pages = {440--445},
     Title = {Text detection and character recognition in scene images with unsupervised feature learning},
     Year = {2011}}

@article{dy2004feature,
     Author = {Dy, Jennifer G and Brodley, Carla E},
     Journal = {The Journal of Machine Learning Research},
     Pages = {845--889},
     Publisher = {JMLR. org},
     Title = {Feature selection for unsupervised learning},
     Volume = {5},
     Year = {2004}}

@incollection{coates2012learning,
     Author = {Coates, Adam and Ng, Andrew Y},
     Booktitle = {Neural Networks: Tricks of the Trade},
     Pages = {561--580},
     Publisher = {Springer},
     Title = {Learning feature representations with k-means},
     Year = {2012}}

@inproceedings{yang2009linear,
     Author = {Yang, Jianchao and Yu, Kai and Gong, Yihong and Huang, Thomas},
     Booktitle = {Computer Vision and Pattern Recognition, 2009. CVPR 2009. IEEE Conference on},
     Organization = {IEEE},
     Pages = {1794--1801},
     Title = {Linear spatial pyramid matching using sparse coding for image classification},
     Year = {2009}}

@inproceedings{boureau2008sparse,
     Author = {Boureau, Y-lan and Cun, Yann L and others},
     Booktitle = {Advances in neural information processing systems},
     Pages = {1185--1192},
     Title = {Sparse feature learning for deep belief networks},
     Year = {2008}}

@inproceedings{coates2011importance,
     Author = {Coates, Adam and Ng, Andrew Y},
     Booktitle = {Proceedings of the 28th International Conference on Machine Learning (ICML-11)},
     Pages = {921--928},
     Title = {The importance of encoding versus training with sparse coding and vector quantization},
     Year = {2011}}

@inproceedings{coates2011analysis,
     Author = {Coates, Adam and Ng, Andrew Y and Lee, Honglak},
     Booktitle = {International Conference on Artificial Intelligence and Statistics},
     Pages = {215--223},
     Title = {An analysis of single-layer networks in unsupervised feature learning},
     Year = {2011}}

@inproceedings{gao2010local,
     Author = {Gao, Shenghua and Tsang, Ivor Waihung and Chia, Liang-Tien and Zhao, Peilin},
     Booktitle = {Computer Vision and Pattern Recognition (CVPR), 2010 IEEE Conference on},
     Organization = {IEEE},
     Pages = {3555--3561},
     Title = {Local features are not lonely--Laplacian sparse coding for image classification},
     Year = {2010}}

@article{mairal2010online,
     Author = {Mairal, Julien and Bach, Francis and Ponce, Jean and Sapiro, Guillermo},
     Journal = {The Journal of Machine Learning Research},
     Pages = {19--60},
     Publisher = {JMLR. org},
     Title = {Online learning for matrix factorization and sparse coding},
     Volume = {11},
     Year = {2010}}

@article{shi1998gabor,
     Author = {Shi, Bertram E},
     Journal = {Circuits and Systems I: Fundamental Theory and Applications, IEEE Transactions on},
     Number = {2},
     Pages = {121--132},
     Publisher = {IEEE},
     Title = {Gabor-type filtering in space and time with cellular neural networks},
     Volume = {45},
     Year = {1998}}

@inproceedings{ngiam2010tiled,
     Author = {Ngiam, Jiquan and Chen, Zhenghao and Chia, Daniel and Koh, Pang W and Le, Quoc V and Ng, Andrew Y},
     Booktitle = {Advances in Neural Information Processing Systems},
     Pages = {1279--1287},
     Title = {Tiled convolutional neural networks},
     Year = {2010}}

@incollection{zeiler2014visualizing,
     Author = {Zeiler, Matthew D and Fergus, Rob},
     Booktitle = {Computer Vision--ECCV 2014},
     Pages = {818--833},
     Publisher = {Springer},
     Title = {Visualizing and understanding convolutional networks},
     Year = {2014}}

@article{thorpe2001seeking,
     Author = {Thorpe, Simon J and Fabre-Thorpe, Mich{\`e}le},
     Journal = {SCIENCE-NEW YORK THEN WASHINGTON-},
     Pages = {260--262},
     Publisher = {American Association for the Advancement of Science},
     Title = {Seeking categories in the brain},
     Year = {2001}}

@inproceedings{collobert2004links,
     Author = {Collobert, Ronan and Bengio, Samy},
     Booktitle = {Proceedings of the twenty-first international conference on Machine learning},
     Organization = {ACM},
     Pages = {23},
     Title = {Links between perceptrons, MLPs and SVMs},
     Year = {2004}}

@inproceedings{zeiler2010deconvolutional,
     Author = {Zeiler, Matthew D and Krishnan, Dilip and Taylor, Graham W and Fergus, Robert},
     Booktitle = {Computer Vision and Pattern Recognition (CVPR), 2010 IEEE Conference on},
     Organization = {IEEE},
     Pages = {2528--2535},
     Title = {Deconvolutional networks},
     Year = {2010}}

@inproceedings{yu2011learning,
     Author = {Yu, Kai and Lin, Yuanqing and Lafferty, John},
     Booktitle = {Computer Vision and Pattern Recognition (CVPR), 2011 IEEE Conference on},
     Organization = {IEEE},
     Pages = {1713--1720},
     Title = {Learning image representations from the pixel level via hierarchical sparse coding},
     Year = {2011}}

@article{juang1984hidden,
     Author = {Juang, B-H},
     Journal = {AT\&T Bell Laboratories Technical Journal},
     Number = {7},
     Pages = {1213--1243},
     Publisher = {Alcatel-Lucent},
     Title = {On the hidden Markov model and dynamic time warping for speech recognition---A unified view},
     Volume = {63},
     Year = {1984}}

@article{myers1981comparative,
     Author = {Myers, Cory S and Rabiner, Lawrence R},
     Journal = {Bell System Technical Journal},
     Number = {7},
     Pages = {1389--1409},
     Publisher = {Wiley Online Library},
     Title = {A Comparative Study of Several Dynamic Time-Warping Algorithms for Connected-Word Recognition},
     Volume = {60},
     Year = {1981}}

@article{rabiner1978considerations,
     Author = {Rabiner, Lawrence R and Rosenberg, Aaron E and Levinson, Stephen E},
     Journal = {The Journal of the Acoustical Society of America},
     Number = {S1},
     Pages = {S79--S79},
     Publisher = {Acoustical Society of America},
     Title = {Considerations in dynamic time warping algorithms for discrete word recognition},
     Volume = {63},
     Year = {1978}}

@inproceedings{berndt1994using,
     Author = {Berndt, Donald J and Clifford, James},
     Booktitle = {KDD workshop},
     Number = {16},
     Organization = {Seattle, WA},
     Pages = {359--370},
     Title = {Using Dynamic Time Warping to Find Patterns in Time Series.},
     Volume = {10},
     Year = {1994}}

@book{huang1990hidden,
     Author = {Huang, Xuedong D and Ariki, Yasuo and Jack, Mervyn A},
     Publisher = {Edinburgh university press Edinburgh},
     Title = {Hidden Markov models for speech recognition},
     Volume = {2004},
     Year = {1990}}

@article{rabiner1989tutorial,
     Author = {Rabiner, Lawrence},
     Journal = {Proceedings of the IEEE},
     Number = {2},
     Pages = {257--286},
     Publisher = {IEEE},
     Title = {A tutorial on hidden Markov models and selected applications in speech recognition},
     Volume = {77},
     Year = {1989}}

@article{rabiner1986introduction,
     Author = {Rabiner, Lawrence and Juang, Biing-Hwang},
     Journal = {ASSP Magazine, IEEE},
     Number = {1},
     Pages = {4--16},
     Publisher = {IEEE},
     Title = {An introduction to hidden Markov models},
     Volume = {3},
     Year = {1986}}

@article{waibel1989modular,
     Author = {Waibel, Alex},
     Journal = {Neural computation},
     Number = {1},
     Pages = {39--46},
     Publisher = {MIT Press},
     Title = {Modular construction of time-delay neural networks for speech recognition},
     Volume = {1},
     Year = {1989}}

@inproceedings{nakamura1989speaker,
     Author = {Nakamura, Satoshi and Shikano, Kiyohiro},
     Booktitle = {Acoustics, Speech, and Signal Processing, 1989. ICASSP-89., 1989 International Conference on},
     Organization = {IEEE},
     Pages = {89--92},
     Title = {Speaker adaptation applied to HMM and neural networks},
     Year = {1989}}

@article{bengio2007scaling,
     Author = {Bengio, Yoshua and LeCun, Yann and others},
     Journal = {Large-scale kernel machines},
     Number = {5},
     Title = {Scaling learning algorithms towards AI},
     Volume = {34},
     Year = {2007}}

@book{scholkopf1999advances,
     Author = {Sch{\"o}lkopf, Bernhard and Burges, Christopher JC and Smola, Alexander J},
     Publisher = {MIT press},
     Title = {Advances in kernel methods: support vector learning},
     Year = {1999}}

@inproceedings{boser1992training,
     Author = {Boser, Bernhard E and Guyon, Isabelle M and Vapnik, Vladimir N},
     Booktitle = {Proceedings of the fifth annual workshop on Computational learning theory},
     Organization = {ACM},
     Pages = {144--152},
     Title = {A training algorithm for optimal margin classifiers},
     Year = {1992}}

@article{cortes1995support,
     Author = {Cortes, Corinna and Vapnik, Vladimir},
     Journal = {Machine learning},
     Number = {3},
     Pages = {273--297},
     Publisher = {Springer},
     Title = {Support-vector networks},
     Volume = {20},
     Year = {1995}}

@book{tesauro1992practical,
     Author = {Tesauro, Gerald},
     Publisher = {Springer},
     Title = {Practical issues in temporal difference learning},
     Year = {1992}}

@article{bengio2009learning,
     Author = {Bengio, Yoshua},
     Journal = {Foundations and trends{\textregistered} in Machine Learning},
     Number = {1},
     Pages = {1--127},
     Publisher = {Now Publishers Inc.},
     Title = {Learning deep architectures for AI},
     Volume = {2},
     Year = {2009}}

@inproceedings{lecun2013deep,
     Author = {LeCun, Yann and Ranzato, M},
     Booktitle = {Tutorials in International Conference on Machine Learning (ICML'13)},
     Organization = {Citeseer},
     Title = {Deep learning tutorial},
     Year = {2013}}

@inproceedings{yu2011learning,
     Author = {Yu, Kai and Lin, Yuanqing and Lafferty, John},
     Booktitle = {Computer Vision and Pattern Recognition (CVPR), 2011 IEEE Conference on},
     Organization = {IEEE},
     Pages = {1713--1720},
     Title = {Learning image representations from the pixel level via hierarchical sparse coding},
     Year = {2011}}

@article{kuurkova1992kolmogorov,
     Author = {Kuurkova, Vvera},
     Journal = {Neural networks},
     Number = {3},
     Pages = {501--506},
     Publisher = {Elsevier},
     Title = {Kolmogorov's theorem and multilayer neural networks},
     Volume = {5},
     Year = {1992}}

@article{hornik1989multilayer,
     Author = {Hornik, Kurt and Stinchcombe, Maxwell and White, Halbert},
     Journal = {Neural networks},
     Number = {5},
     Pages = {359--366},
     Publisher = {Elsevier},
     Title = {Multilayer feedforward networks are universal approximators},
     Volume = {2},
     Year = {1989}}

@article{hornik1991approximation,
     Author = {Hornik, Kurt},
     Journal = {Neural networks},
     Number = {2},
     Pages = {251--257},
     Publisher = {Elsevier},
     Title = {Approximation capabilities of multilayer feedforward networks},
     Volume = {4},
     Year = {1991}}

@inproceedings{krizhevsky2012imagenet,
     Author = {Krizhevsky, Alex and Sutskever, Ilya and Hinton, Geoffrey E},
     Booktitle = {Advances in neural information processing systems},
     Pages = {1097--1105},
     Title = {Imagenet classification with deep convolutional neural networks},
     Year = {2012}}

@article{lecun1995convolutional,
     Author = {LeCun, Yann and Bengio, Yoshua},
     Journal = {The handbook of brain theory and neural networks},
     Pages = {310},
     Publisher = {Cambridge, MA: MIT Press},
     Title = {Convolutional networks for images, speech, and time series},
     Volume = {3361},
     Year = {1995}}

@inproceedings{salakhutdinov2009deep,
     Author = {Salakhutdinov, Ruslan and Hinton, Geoffrey E},
     Booktitle = {International Conference on Artificial Intelligence and Statistics},
     Pages = {448--455},
     Title = {Deep boltzmann machines},
     Year = {2009}}

@inproceedings{srivastava2012multimodal,
     Author = {Srivastava, Nitish and Salakhutdinov, Ruslan R},
     Booktitle = {Advances in neural information processing systems},
     Pages = {2222--2230},
     Title = {Multimodal learning with deep boltzmann machines},
     Year = {2012}}

@inproceedings{goodfellow2013multi,
     Author = {Goodfellow, Ian and Mirza, Mehdi and Courville, Aaron and Bengio, Yoshua},
     Booktitle = {Advances in Neural Information Processing Systems},
     Pages = {548--556},
     Title = {Multi-prediction deep Boltzmann machines},
     Year = {2013}}

@inproceedings{gehring2013extracting,
     Author = {Gehring, Jonas and Miao, Yajie and Metze, Florian and Waibel, Alex},
     Booktitle = {Acoustics, Speech and Signal Processing (ICASSP), 2013 IEEE International Conference on},
     Organization = {IEEE},
     Pages = {3377--3381},
     Title = {Extracting deep bottleneck features using stacked auto-encoders},
     Year = {2013}}

@article{vincent2010stacked,
     Author = {Vincent, Pascal and Larochelle, Hugo and Lajoie, Isabelle and Bengio, Yoshua and Manzagol, Pierre-Antoine},
     Journal = {The Journal of Machine Learning Research},
     Pages = {3371--3408},
     Publisher = {JMLR. org},
     Title = {Stacked denoising autoencoders: Learning useful representations in a deep network with a local denoising criterion},
     Volume = {11},
     Year = {2010}}

@inproceedings{vincent2008extracting,
     Author = {Vincent, Pascal and Larochelle, Hugo and Bengio, Yoshua and Manzagol, Pierre-Antoine},
     Booktitle = {Proceedings of the 25th international conference on Machine learning},
     Organization = {ACM},
     Pages = {1096--1103},
     Title = {Extracting and composing robust features with denoising autoencoders},
     Year = {2008}}

@inproceedings{hecht1989theory,
     Author = {Hecht-Nielsen, Robert},
     Booktitle = {Neural Networks, 1989. IJCNN., International Joint Conference on},
     Organization = {IEEE},
     Pages = {593--605},
     Title = {Theory of the backpropagation neural network},
     Year = {1989}}

@article{goh1995back,
     Author = {Goh, ATC},
     Journal = {Artificial Intelligence in Engineering},
     Number = {3},
     Pages = {143--151},
     Publisher = {Elsevier},
     Title = {Back-propagation neural networks for modeling complex systems},
     Volume = {9},
     Year = {1995}}

@article{mcculloch1943logical,
     Author = {McCulloch, Warren S and Pitts, Walter},
     Journal = {The bulletin of mathematical biophysics},
     Number = {4},
     Pages = {115--133},
     Publisher = {Springer},
     Title = {A logical calculus of the ideas immanent in nervous activity},
     Volume = {5},
     Year = {1943}}

@book{hebb1949organization,
     Author = {Hebb, Donald Olding},
     Publisher = {John Wiley \& Sons},
     Title = {The organization of behavior: A neuropsychological approach},
     Year = {1949}}
@article{ivakhnenko1995review,
  title={The review of problems solvable by algorithms of the group method of data handling (GMDH)},
  author={Ivakhnenko, AG and Ivakhnenko, GA},
  journal={Pattern Recognition And Image Analysis C/C Of Raspoznavaniye Obrazov I Analiz Izobrazhenii},
  volume={5},
  pages={527--535},
  year={1995},
  publisher={Citeseer}
}
@book{hadamard1908memoire,
  title={M{\'e}moire sur le probl{\`e}me d'analyse relatif {\`a} l'{\'e}quilibre des plaques {\'e}lastiques encastr{\'e}es},
  author={Hadamard, Jacques},
  volume={33},
  year={1908},
  publisher={Imprimerie nationale}
}
@article{bryson1961diffraction,
  title={Diffraction of strong shocks by cones, cylinders, and spheres},
  author={Bryson, AE and Gross, RWF},
  journal={Journal of Fluid Mechanics},
  volume={10},
  number={01},
  pages={1--16},
  year={1961},
  publisher={Cambridge Univ Press}
}
@article{kelley1960cutting,
  title={The cutting-plane method for solving convex programs},
  author={Kelley, Jr, James E},
  journal={Journal of the Society for Industrial \& Applied Mathematics},
  volume={8},
  number={4},
  pages={703--712},
  year={1960},
  publisher={SIAM}
}

@article{bellman1962applied,
  title={Applied dynamic programming},
  author={Bellman, Richard Ernest and Dreyfus, Stuart E},
  year={1962},
  publisher={Rand Corporation}
}
@article{gray1965effect,
  title={The effect of ethylenediaminetetra-acetic acid on the cell walls of some gram-negative bacteria},
  author={Gray, GW and Wilkinson, SG},
  journal={Journal of general microbiology},
  volume={39},
  number={3},
  pages={385--399},
  year={1965},
  publisher={Soc General Microbiol}
}
@article{director1969generalized,
  title={The generalized adjoint network and network sensitivities},
  author={Director, Stephan W and Rohrer, Ronald A},
  journal={Circuit Theory, IEEE Transactions on},
  volume={16},
  number={3},
  pages={318--323},
  year={1969},
  publisher={IEEE}
}
@article{griewank2012documenta,
  title={Documenta Mathematica-Extra Volume ISMP},
  author={Griewank, A},
  year={2012}
}
@article{linnainmaa1970representation,
  title={The representation of the cumulative rounding error of an algorithm as a Taylor expansion of the local rounding errors},
  author={Linnainmaa, S},
  journal={Master's Thesis (in Finnish), Univ. Helsinki},
  pages={6--7},
  year={1970}
}
@techreport{speelpenning1980compiling,
  title={Compiling fast partial derivatives of functions given by algorithms},
  author={Speelpenning, Bert},
  year={1980},
  institution={Illinois Univ., Urbana (USA). Dept. of Computer Science}
}
